<record><leader>00000cas a22000007a 4500</leader><controlfield tag="001">20766928</controlfield><controlfield tag="008">891211d188u19uuohudn ne      0    0eng d</controlfield><datafield ind1=" " ind2=" " tag="010"><subfield code="a">sn 89075094 </subfield></datafield><datafield ind1=" " ind2=" " tag="040"><subfield code="a">ONP</subfield><subfield code="b">eng</subfield><subfield code="c">ONP</subfield><subfield code="d">OCLCQ</subfield></datafield><datafield ind1=" " ind2=" " tag="042"><subfield code="a">msc</subfield></datafield><datafield ind1="0" ind2="0" tag="245"><subfield code="a">Fostoria daily times.</subfield></datafield><datafield ind1=" " ind2=" " tag="260"><subfield code="a">Fostoria, Ohio :</subfield><subfield code="b">Times Pub. Co.</subfield></datafield><datafield ind1=" " ind2=" " tag="300"><subfield code="a">v.</subfield></datafield><datafield ind1=" " ind2=" " tag="310"><subfield code="a">Daily (except Sun.)</subfield></datafield><datafield ind1=" " ind2=" " tag="588"><subfield code="a">Description based on: Vol. 3, no. 94 (Dec. 14, 1891).</subfield></datafield><datafield ind1=" " ind2=" " tag="752"><subfield code="a">United States</subfield><subfield code="b">Ohio</subfield><subfield code="c">Seneca</subfield><subfield code="d">Fostoria.</subfield></datafield><datafield ind1="0" ind2="0" tag="785"><subfield code="t">Fostoria times</subfield><subfield code="w">(DLC)sn 89075095</subfield></datafield><datafield ind1="1" ind2=" " tag="029"><subfield code="a">AU@</subfield><subfield code="b">000025876911</subfield></datafield></record>